@article{rascaf,
    author    = "Li Song, Dhruv S. Shankar, and Liliana Florea",
    title     = "Rascaf: Improving Genome Assembly with RNA Sequencing Data.",
    journal   = "Plant Genome. doi: 10.3835/plantgenome2016.03.0027",
    year      = "2016"
}

@article{AGOUTI,
	author    = "Zhang, S.V., L. Zhuo, and M.W. Hahn.",
	title     = "AGOUTI: Improving genome assembly and annotation using transcriptome data.",
	journal   = "Bioinformatics doi:10.1101/033019 (in press).",
	year      = "2015"
}

@article{L_RNA_scaffolder, 
	author    =  "Xue, W., J.T. Li, Y.P. Zhu, G.Y. Hou, X.F. Kong, Y.Y. Kuang, and X.W. Sun",
        title     =  "L\_RNA\_scaffolder: Scaffolding genomes with transcripts",
        journal   =  "BMC Genomics 14:604. doi:10.1186/1471-2164-14-604",
        year      =  "2013"
}

